@ARTICLE{deSouza2016,
   author = {{de Souza}, R.~S. and \textbf{{Dantas}, M.~L.~L.} and {Krone-Martins}, A. and 
	{Cameron}, E. and {Coelho}, P. and {Hattab}, M.~W. and {de Val-Borro}, M. and 
	{Hilbe}, J.~M. and {Elliott}, J. and {Hagen}, A. and {for the COIN collaboration}
	},
    title = "{\textbf{Is the cluster environment quenching the Seyfert activity in elliptical and spiral galaxies?}}",
  journal = {ArXiv e-prints},
archivePrefix = "arXiv",
   eprint = {1603.06256},
 keywords = {Astrophysics - Astrophysics of Galaxies, Astrophysics - Cosmology and Nongalactic Astrophysics},
     year = 2016,
    month = mar,
   adsurl = {http://adsabs.harvard.edu/abs/2016arXiv160306256D},
  adsnote = {Provided by the SAO/NASA Astrophysics Data System}
}


@ARTICLE{Dantas2016,
   author = {{Dantas}, M.~L.~L. and {Costa-Duarte}, M.~V. and {Sodre}, L. and {de Souza}, R.~S.},
    title = "{\textbf{Could we recover information from galaxies in the UV from optical data?}}",
  journal = {In preparation},
     year = 2016
}

@ARTICLE{Benitez2014,
   author = {{Benitez}, N. and {Dupke}, R. and {Moles}, M. and {Sodre},L. and {\textbf{(...)}} and {Costa-Duarte}, M.~V. and {da Costa}, A.~A. and 
	\textbf{{Dantas}, M.~L.~L.} and {Diaz}, A.~Y. and {Fabregat}, J. and 
	{Ferrari}, F. and {Gavela}, B. and {Gracia}, S.~G. and {Gruel}, N. and 
	{Gutierrez}, J.~L.~L. and {Guzman}, R. and {Hernandez-Fernandez}, J.~D. and 
	{Herranz}, D. and {Hurtado-Gil}, L. and {Jablonsky}, F. and 
	{Laporte}, R. and {Le Tiran}, L.~L. and {Licandro}, J and {Lima}, M. and 
	{Martin}, E. and {Martinez}, V. and {Montero}, J.~J.~C. and 
	{Penteado}, P. and {Pereira}, C.~B. and {Peris}, V. and {Quilis}, V. and 
	{Sanchez-Portal}, M. and {Soja}, A.~C. and {Solano}, E. and 
	{Torra}, J. and {Valdivielso}, L.},
    title = "{\textbf{\mbox{J-PAS}: The Javalambre-Physics of the Accelerated Universe Astrophysical Survey}}",
  journal = {ArXiv e-prints},
archivePrefix = "arXiv",
   eprint = {1403.5237},
 primaryClass = "astro-ph.CO",
 keywords = {Astrophysics - Cosmology and Extragalactic Astrophysics},
     year = 2014,
    month = mar,
   adsurl = {http://adsabs.harvard.edu/abs/2014arXiv1403.5237B},
  adsnote = {Provided by the SAO/NASA Astrophysics Data System},
    other = "{215 pages}"
}
