@ARTICLE{Morgan20151,
AUTHOR={Grant Morgan},
TITLE={Eat, Drink, and be Merry: California's Drought},
JOURNAL={Unpublished, CORE},
YEAR={2015}
}

@ARTICLE{Morgan2016,
AUTHOR={Grant Morgan},
TITLE={Merced Public Health Demographics},
JOURNAL={Unpublished, UCM Public Health},
YEAR={2016}
}

@Book{Conway2016,
author = {Grant Morgan And Steffi Rivera},
title = {Utilizing Cognitive Behavioral Therapy and Medication in Combination to Treat Social Phobia},
publisher = {Unpublished},
year = {2016},
address = {Merced, USA}
}

@ARTICLE{Morgan2015,
author = {Grant Morgan},
title = {Gneration of Functional Human B Cells in Vitro},
publisher = {Unpublished, UCM School of Natural Sciences},
address = {CA, USA},
year = {2015}
}